005661800 FMT   L BK
005661800 LDR   L ^^^^^cam^a2201237^i^4500
005661800 001   L 005661800
005661800 005   L 20160203004706.0
005661800 008   L 091120s2009^^^^fi^||||^^^^^^|00|^0|fin|^
005661800 015   L $$afx929804$$2skl
005661800 020   L $$a978-952-5329-80-3$$qnidottu
005661800 0243  L $$a9789525329803
005661800 0248  L $$aA1427626
005661800 035   L $$a(FI-MELINDA)005661800
005661800 040   L $$aFI-NL
005661800 0410  L $$afin$$bswe
005661800 042   L $$afinb
005661800 072 7 L $$a06$$2kkaa
005661800 080   L $$a061$$9FENNI<KEEP>
005661800 080   L $$a52$$9FENNI<KEEP>
005661800 084   L $$a52.02$$2ykl$$9FENNI<KEEP>
005661800 084   L $$a528$$2uef
005661800 1001  L $$aMarkkanen, Tapio.
005661800 24510 L $$aParatiisista katsoen :$$btähtitaivaan karttojen historiaa /$$cTapio Markkanen.
005661800 24630 L $$aTähtitaivaan karttojen historiaa
005661800 260   L $$aHelsingissä :$$bUrsa,$$c2009$$e(Jyväskylä :$$fGummerus kirjapaino)
005661800 300   L $$a143 s. :$$bkuvitettu, karttoja ;$$c30 cm
005661800 336   L $$ateksti$$btxt$$2rdacontent
005661800 337   L $$akäytettävissä ilman laitetta$$bn$$2rdamedia
005661800 338   L $$anide$$bnc$$2rdacarrier
005661800 4901  L $$aUrsan julkaisuja,$$x0357-7937 ;$$v117
005661800 500   L $$aNäyttely Kansalliskirjastossa 12.11.2009-10.4.2010.$$9FENNI<KEEP>
005661800 520   L $$aRuotsinkielinen tiivistelmä: Sett från paradiset : stjärnkartornas historia.$$9FENNI<KEEP>
005661800 520   L $$aSett från paradiset : stjärnkartornas historia.
005661800 520   L $$a[Tiivistelmä]: Sett från paradiset : stjärnkartornas historia.
005661800 650 7 L $$atähtitiede$$xhistoria$$2ysa
005661800 650 7 L $$atähtikartat$$xhistoria$$2ysa
005661800 650 7 L $$ahistoria$$2ysa$$9FENNI<KEEP>
005661800 650 7 L $$akartat$$2ysa$$9FENNI<KEEP>
005661800 650 7 L $$akartoitus$$2ysa$$9FENNI<KEEP>
005661800 650 7 L $$amaailmankaikkeus$$2ysa$$9FENNI<KEEP>
005661800 650 7 L $$ataivas$$2ysa$$9FENNI<KEEP>
005661800 650 7 L $$atähdistöt$$2ysa$$9FENNI<KEEP>
005661800 650 7 L $$atähdet$$2ysa$$9FENNI<KEEP>
005661800 650 7 L $$atähtikartat$$2ysa$$9FENNI<KEEP>
005661800 650 7 L $$atähtitiede$$2ysa$$9FENNI<KEEP>
005661800 650 7 L $$anäyttelyt$$2ysa$$9FENNI<KEEP>
005661800 650 7 L $$anäyttelyjulkaisut$$2ysa$$9FENNI<KEEP>
005661800 650 7 L $$anäyttelyjulkaisut$$xtähtikartat$$2ysa
005661800 650 7 L $$anäyttelyt$$xtähtikartat$$2ysa
005661800 650 7 L $$atähdet$$xkartoitus$$2ysa
005661800 650 7 L $$aastronomi$$2allars
005661800 650 7 L $$autställningar$$2allars
005661800 650 7 L $$akartor$$2allars
005661800 650 7 L $$akartering$$2allars
005661800 650 7 L $$auniversum$$2allars
005661800 650 7 L $$ahimlen$$2allars
005661800 650 7 L $$astjärnbilder$$2allars
005661800 650 7 L $$astjärnor$$2allars
005661800 650 7 L $$astjärnkartor$$2allars
005661800 650 7 L $$ahistoria$$2allars
005661800 650 7 L $$autställningskataloger$$2allars
005661800 650 7 L $$ataivaankappaleet$$2kula
005661800 7102  L $$aKansalliskirjasto.
005661800 830 0 L $$aUrsan julkaisuja,$$x0357-7937 ;$$v117.
005661800 901   L $$aMU20091123$$5FENNI
005661800 908   L $$afi
