005663958 FMT   L BK
005663958 LDR   L ^^^^^cam^a22007938i^4500
005663958 001   L 005663958
005663958 005   L 20160203005819.0
005663958 008   L 100317s2010^^^^fi^||||j^^^^^|00|^0|fin|^
005663958 015   L $$afx938506$$2skl
005663958 020   L $$a978-952-475-377-7$$qsidottu
005663958 0243  L $$a9789524753777
005663958 0248  L $$aA1438506
005663958 035   L $$a(FI-MELINDA)005663958
005663958 0410  L $$afin
005663958 080   L $$a52$$x(024.7)$$9FENNI<KEEP>
005663958 080   L $$a52(024.7)
005663958 084   L $$a52.2$$2ykl$$9FENNI<KEEP>
005663958 1001  L $$aHeikkilä, Risto.
005663958 24510 L $$aMiksi maapallo ei putoa? /$$cRisto Heikkilä ; [kuvitus: Jari Perälä].
005663958 260   L $$aHämeenlinna :$$bPäivä,$$c2010$$e(Hämeenlinna :$$fKariston Kirjapaino)
005663958 300   L $$a173 s. :$$bkuvitettu, karttoja ;$$c22 cm
005663958 336   L $$ateksti$$btxt$$2rdacontent
005663958 337   L $$akäytettävissä ilman laitetta$$bn$$2rdamedia
005663958 338   L $$anide$$bnc$$2rdacarrier
005663958 4901  L $$aAvaruus on ihmeellinen ;$$v1
005663958 500   L $$aS. 156-171: Sanasto.$$9FENNI<KEEP>
005663958 5050  L $$aS. 156-171: Sanasto.
005663958 650 7 L $$aavaruus$$2ysa$$9FENNI<KEEP>
005663958 650 7 L $$atähdet$$2ysa$$9FENNI<KEEP>
005663958 650 7 L $$aplaneetat$$2ysa$$9FENNI<KEEP>
005663958 650 7 L $$aaurinko$$2ysa$$9FENNI<KEEP>
005663958 650 7 L $$amaailmankaikkeus$$2ysa$$9FENNI<KEEP>
005663958 650 7 L $$atähtitiede$$2ysa$$9FENNI<KEEP>
005663958 650 7 L $$arymden$$2allars
005663958 650 7 L $$astjärnor$$2allars
005663958 650 7 L $$aplaneter$$2allars
005663958 650 7 L $$asolen$$2allars
005663958 650 7 L $$auniversum$$2allars
005663958 650 7 L $$aastronomi$$2allars
005663958 7001  L $$aPerälä, Jari,$$ekuvittaja.
005663958 830 0 L $$aAvaruus on ihmeellinen ;$$v1.
005663958 901   L $$aMU20100325$$5FENNI
005663958 908   L $$afi
