006513759 FMT   L BK
006513759 LDR   L ^^^^^cam^a2201105^i^4500
006513759 001   L 006513759
006513759 005   L 20160215124349.0
006513759 008   L 131122s2013^^^^fi^||||j^^^^^|00|^0|fin|^
006513759 015   L $$afx1040677$$2skl
006513759 020   L $$a978-952-5985-10-8$$qsidottu
006513759 0243  L $$a9789525985108
006513759 035   L $$a(FI-MELINDA)006513759
006513759 035   L $$z(FI-MELINDA)006396512
006513759 040   L $$aFI-NL
006513759 0411  L $$afin$$hswe
006513759 042   L $$afinb
006513759 072 7 L $$a06$$2kkaa
006513759 080   L $$a52$$x(024.7)$$9FENNI<KEEP>
006513759 080   L $$a52(024.7)
006513759 084   L $$a52$$2uef
006513759 084   L $$a52$$2ykl
006513759 084   L $$a52.2$$2ykl$$9FENNI<KEEP>
006513759 1001  L $$aValtaoja, Esko,$$ekirjoittaja.
006513759 24510 L $$aTähdenlento pöytälaatikossa ja muita taivaan tarinoita /$$c[Esko Valtaoja, Lisbeth Landefort, Tuula Moilanen] ; [Lisbeth Landefortin ruotsinkielisestä alkutekstistä suomentanut Leena Vallisaari].
006513759 24618 L $$aTähdenlento pöytälaatikossa
006513759 2463  L $$aTähdenlento pöytälaatikossa
006513759 260   L $$a[Helsinki] :$$bTähtitieteellinen yhdistys Ursa,$$c2013$$e(Keuruulla :$$fOtavan kirjapaino).
006513759 300   L $$a52 s. :$$bkuvitettu ;$$c28 cm
006513759 336   L $$ateksti$$btxt$$2rdacontent
006513759 337   L $$akäytettävissä ilman laitetta$$bn$$2rdamedia
006513759 338   L $$anide$$bnc$$2rdacarrier
006513759 4901  L $$aUrsan julkaisuja,$$x0357-7937 ;$$v135
006513759 500   L $$aENNAKKOTIETO CIP/KV.
006513759 500   L $$aSelkänimeke: Tähdenlento pöytälaatikossa.
006513759 583   L $$aBTJ$$5FENNI
006513759 650 7 L $$aVintergatan$$2allars
006513759 650 7 L $$aastronomer$$2allars
006513759 650 7 L $$aastronomi$$2allars
006513759 650 7 L $$aavaruus$$2ysa$$9FENNI<KEEP>
006513759 650 7 L $$alinnunrata$$2ysa$$9FENNI<KEEP>
006513759 650 7 L $$aljusets hastighet$$2allars
006513759 650 7 L $$amaailmankaikkeus$$2ysa$$9FENNI<KEEP>
006513759 650 7 L $$ameteorer$$2allars
006513759 650 7 L $$ameteorit$$2ysa$$9FENNI<KEEP>
006513759 650 7 L $$apatsaat$$zPääsiäissaari$$2ysa
006513759 650 7 L $$aplaneetat$$2ysa$$9FENNI<KEEP>
006513759 650 7 L $$aplaneter$$2allars
006513759 650 7 L $$arymden$$2allars
006513759 650 7 L $$astjärnbilder$$2allars
006513759 650 7 L $$astjärnor$$2allars
006513759 650 7 L $$ataivaankappaleet$$2ysa
006513759 650 7 L $$atidvatten$$2allars
006513759 650 7 L $$atähdet$$2ysa$$9FENNI<KEEP>
006513759 650 7 L $$atähdistöt$$2ysa$$9FENNI<KEEP>
006513759 650 7 L $$atähtitiede$$2ysa$$9FENNI<KEEP>
006513759 650 7 L $$atähtitieteilijät$$2ysa$$9FENNI<KEEP>
006513759 650 7 L $$auniversum$$2allars
006513759 650 7 L $$avalonnopeus$$2ysa$$9FENNI<KEEP>
006513759 650 7 L $$avuorovesi$$2ysa$$9FENNI<KEEP>
006513759 7001  L $$aLandefort, Lisbeth,$$ekirjoittaja.
006513759 7001  L $$aLandefort, Lisbeth,$$emuu.
006513759 7001  L $$aMoilanen, Tuula,$$d1959-,$$ekirjoittaja.
006513759 7001  L $$aMoilanen, Tuula,$$ekirjoittaja.
006513759 7001  L $$aVallisaari, Leena,$$ekääntäjä.
006513759 830 0 L $$aUrsan julkaisuja,$$x0357-7937 ;$$v135.
006513759 901   L $$aMU20131125$$5FENNI
